 @misc{wiki:market,
   author = "Wikipedia",
   title = "Google Play",
   year = "2017",
   url = "\url{https://en.wikipedia.org/wiki/Google_Play#History}",
   note = "[Online; accessed 12-August-2017]"
 }

